@article{shechtman2004affective,
  title={Affective teaching: a method to enhance classroom management},
  author={Shechtman*, Zipora and Leichtentritt, Judy},
  journal={European Journal of Teacher Education},
  volume={27},
  number={3},
  pages={323--333},
  year={2004},
  publisher={Taylor \& Francis}
}

@article{miller2005teaching,
  title={Teaching and learning in affective domain},
  author={Miller, Mary},
  journal={Emerging perspectives on learning, teaching, and technology. Retrieved March},
  volume={6},
  pages={2008},
  year={2005}
}

@article{garritz2010personal,
  title={Personal Reflection: Pedagogical Content Knowledge and the Affective Domain of Scholarship of Teaching and Learning.},
  author={Garritz, Andoni},
  journal={International Journal for the scholarship of Teaching and Learning},
  volume={4},
  number={2},
  pages={n2},
  year={2010},
  publisher={ERIC}
}

@inproceedings{griffith2006educators,
  title={Are educators prepared to affect the affective domain},
  author={Griffith, Kimberly G and Nguyen, Anna Dimy},
  booktitle={National forum of teacher education journal},
  volume={16},
  number={3},
  pages={1--4},
  year={2006}
}

@article{kendon1967some,
  title={Some functions of gaze-direction in social interaction},
  author={Kendon, Adam},
  journal={Acta psychologica},
  volume={26},
  pages={22--63},
  year={1967},
  publisher={Elsevier}
}

@MISC{Furhat,
author = {Furhat Robotics},
month = {November},
year = {2020},
title = {Furhat SDK documentation},
howpublished={\url{https://docs.furhat.io}}
}

@inproceedings{Alcaiz2004InternalCA,
  title={Internal Consistency and Reliability of the Networked Minds Measure of Social Presence},
  author={Chad Harms and F. Biocca},
  journal={Seventh Annual International Workshop: Presence 2004},
  publisher={M. Alca{\~n}iz and B. Rey},
  year={2004}
}